<record><leader>00000cas a22000007a 4500</leader><controlfield tag="001">11006987</controlfield><controlfield tag="008">840731d184u1853vaudr ne      0    0eng d</controlfield><datafield ind1=" " ind2=" " tag="010"><subfield code="a">sn 84024685 </subfield></datafield><datafield ind1=" " ind2=" " tag="040"><subfield code="a">NPV</subfield><subfield code="b">eng</subfield><subfield code="c">NPV</subfield><subfield code="d">NPX</subfield><subfield code="d">NPU</subfield><subfield code="d">DLC</subfield><subfield code="d">NYS</subfield><subfield code="d">MGN</subfield><subfield code="d">CNK</subfield><subfield code="d">NVK</subfield><subfield code="d">OCL</subfield><subfield code="d">NVK</subfield><subfield code="d">OCLCQ</subfield><subfield code="d">OCLCF</subfield><subfield code="d">OCLCO</subfield><subfield code="d">NVK</subfield></datafield><datafield ind1=" " ind2=" " tag="042"><subfield code="a">msc</subfield></datafield><datafield ind1=" " ind2=" " tag="043"><subfield code="a">n-us-va</subfield></datafield><datafield ind1="0" ind2="0" tag="050"><subfield code="a">Newspaper 10112</subfield></datafield><datafield ind1="0" ind2=" " tag="130"><subfield code="a">Richmond Republican (Richmond, Va. : Daily)</subfield></datafield><datafield ind1="1" ind2="4" tag="245"><subfield code="a">The Richmond Republican.</subfield></datafield><datafield ind1="1" ind2="3" tag="246"><subfield code="a">Richmond daily Republican</subfield></datafield><datafield ind1="1" ind2="7" tag="246"><subfield code="a">Richmond Republican and daily advertiser</subfield></datafield><datafield ind1="1" ind2="7" tag="246"><subfield code="a">Richmond Republican and general advertiser</subfield></datafield><datafield ind1=" " ind2=" " tag="260"><subfield code="a">Richmond, Va. :</subfield><subfield code="b">Robert H. Gallaher, Benj. E. Gallaher, E.A. Gallaher</subfield></datafield><datafield ind1=" " ind2=" " tag="300"><subfield code="a">v. :</subfield><subfield code="b">ill. (chiefly advertisements) ;</subfield><subfield code="c">69 cm.</subfield></datafield><datafield ind1=" " ind2=" " tag="310"><subfield code="a">Daily</subfield></datafield><datafield ind1="1" ind2=" " tag="362"><subfield code="a">Ceased Mar. 26, 1853. Cf. Cappon, L.J. Va. newspapers.</subfield></datafield><datafield ind1=" " ind2=" " tag="500"><subfield code="a">Publisher: E.A. Gallaher &amp; Co., &lt;1852&gt;.</subfield></datafield><datafield ind1=" " ind2=" " tag="500"><subfield code="a">"City edition" &lt;Mar. 27, 1852&gt;.</subfield></datafield><datafield ind1=" " ind2=" " tag="500"><subfield code="a">Editor: &lt;Jan. 1-June 29, 1850&gt; O.P. Baldwin, R.H. Gallaher.</subfield></datafield><datafield ind1=" " ind2=" " tag="500"><subfield code="a">Title for Jan. 1-2, 1852 : The Daily republican.</subfield></datafield><datafield ind1=" " ind2=" " tag="500"><subfield code="a">Issues on Virginia Chronicle were provided by the Huntington Library, San Marino, Ca.</subfield></datafield><datafield ind1=" " ind2=" " tag="525"><subfield code="a">Special supplement "Register of the Debates and Proceedings of the Va. Reform Convention" published Jan. 1851.</subfield></datafield><datafield ind1=" " ind2=" " tag="580"><subfield code="a">Also published in a semiweekly ed. with same title, and in a weekly ed. with title: Richmond Republican and general advertiser for the country.</subfield></datafield><datafield ind1=" " ind2=" " tag="588"><subfield code="a">Description based on: Vol. 5, no. 122 (Aug. 23, 1848).</subfield></datafield><datafield ind1=" " ind2="0" tag="651"><subfield code="a">Richmond (Va.)</subfield><subfield code="v">Newspapers.</subfield></datafield><datafield ind1=" " ind2="7" tag="651"><subfield code="a">Virginia</subfield><subfield code="z">Richmond.</subfield><subfield code="2">fast</subfield><subfield code="0">(OCoLC)fst01205345</subfield></datafield><datafield ind1=" " ind2="7" tag="655"><subfield code="a">Newspapers.</subfield><subfield code="2">fast</subfield><subfield code="0">(OCoLC)fst01423814</subfield></datafield><datafield ind1=" " ind2=" " tag="752"><subfield code="a">United States</subfield><subfield code="b">Virginia</subfield><subfield code="d">Richmond.</subfield></datafield><datafield ind1="1" ind2=" " tag="775"><subfield code="t">Richmond Republican (Richmond, Va. : 1846 : Semiweekly)</subfield><subfield code="w">(DLC)sn 86071830</subfield></datafield><datafield ind1="1" ind2=" " tag="775"><subfield code="t">Richmond Republican and general advertiser for the country</subfield><subfield code="w">(DLC)sn 86071832</subfield></datafield><datafield ind1="0" ind2=" " tag="775"><subfield code="t">Weekly republican</subfield><subfield code="w">(DLC)sn 96094020</subfield></datafield><datafield ind1="0" ind2="0" tag="780"><subfield code="t">Richmond daily Republican</subfield><subfield code="w">(DLC)sn 86071831</subfield></datafield><datafield ind1="4" ind2="1" tag="856"><subfield code="u">http://www,virginiachronicle.com/</subfield></datafield></record>